@book{baake2013aperiodic,
  title={Aperiodic order},
  author={Baake, Michael and Grimm, Uwe},
  volume={1},
  year={2013},
  publisher={Cambridge University Press}
}